[gd_scene load_steps=13 format=2]

[ext_resource path="res://scripts/BoatVisual.gd" type="Script" id=1]
[ext_resource path="res://simulation/BoatSim.gd" type="Script" id=2]
[ext_resource path="res://scripts/BoatInput.gd" type="Script" id=3]
[ext_resource path="res://scripts/Boat.gd" type="Script" id=4]
[ext_resource path="res://scenes/Charon/charonboat.dae" type="PackedScene" id=5]
[ext_resource path="res://scenes/Environment/Dock/dock.tscn" type="PackedScene" id=6]
[ext_resource path="res://scenes/Charon/Charon.tscn" type="PackedScene" id=7]
[ext_resource path="res://scenes/BoatChargeIndicator.tscn" type="PackedScene" id=8]

[sub_resource type="CubeMesh" id=1]
size = Vector3( 1.5, 0.2, 3.5 )

[sub_resource type="CubeMesh" id=2]
size = Vector3( 1.5, 0.5, 0.1 )

[sub_resource type="CubeMesh" id=3]
size = Vector3( 3.5, 0.5, 0.1 )

[sub_resource type="Animation" id=4]
resource_name = "Turn"

[node name="Boat" type="Spatial"]
script = ExtResource( 4 )
dock_anchor_path = NodePath("dock2/DockTip")
boat_anchor_path = NodePath("Visuals/BoatPivot/charonboat/Anchors")

[node name="Simulation" type="Node" parent="."]
script = ExtResource( 2 )

[node name="InputHandler" type="Node" parent="."]
script = ExtResource( 3 )

[node name="Visuals" type="Spatial" parent="."]
transform = Transform( -1, 0, -8.74228e-08, 0, 1, 0, 8.74228e-08, 0, -1, 0, 0, 0 )
script = ExtResource( 1 )

[node name="BoatPivot" type="Spatial" parent="Visuals"]

[node name="boat_charge" parent="Visuals/BoatPivot" instance=ExtResource( 8 )]
transform = Transform( 1, 0, 0, 0, 1, 0, 0, 0, 1, -2.5977e-07, 1.14678, 2.97142 )
input_path = NodePath("../../../InputHandler")

[node name="charon2" parent="Visuals/BoatPivot" instance=ExtResource( 7 )]
transform = Transform( 1, 0, 0, 0, 1, 0, 0, 0, 1, -2.04695e-07, 0.466213, 0.943311 )

[node name="Floor" type="MeshInstance" parent="Visuals/BoatPivot"]
visible = false
mesh = SubResource( 1 )
material/0 = null

[node name="WallFront" type="MeshInstance" parent="Visuals/BoatPivot"]
transform = Transform( 1, 0, 0, 0, 1, 0, 0, 0, 1, 0, 0.3, -1.7 )
visible = false
mesh = SubResource( 2 )
material/0 = null

[node name="WallBack" type="MeshInstance" parent="Visuals/BoatPivot"]
transform = Transform( 1, 0, 0, 0, 1, 0, 0, 0, 1, 0, 0.3, 1.7 )
visible = false
mesh = SubResource( 2 )
material/0 = null

[node name="WallLeft" type="MeshInstance" parent="Visuals/BoatPivot"]
transform = Transform( -4.37114e-08, 0, -1, 0, 1, 0, 1, 0, -4.37114e-08, -0.7, 0.3, 0 )
visible = false
mesh = SubResource( 3 )
material/0 = null

[node name="WallRight" type="MeshInstance" parent="Visuals/BoatPivot"]
transform = Transform( -4.37114e-08, 0, -1, 0, 1, 0, 1, 0, -4.37114e-08, 0.7, 0.3, 0 )
visible = false
mesh = SubResource( 3 )
material/0 = null

[node name="charonboat" parent="Visuals/BoatPivot" instance=ExtResource( 5 )]
transform = Transform( 1, 0, 0, 0, 1, 0, 0, 0, 1, 7.09059e-08, 0, -0.811069 )

[node name="Anchors" type="Spatial" parent="Visuals/BoatPivot/charonboat"]

[node name="Spatial" type="Spatial" parent="Visuals/BoatPivot/charonboat/Anchors"]
transform = Transform( 1, 0, 0, 0, 1, 0, 0, 0, 1, 0.405599, 0, 0.952276 )

[node name="Spatial4" type="Spatial" parent="Visuals/BoatPivot/charonboat/Anchors"]
transform = Transform( 1, 0, 0, 0, 1, 0, 0, 0, 1, -0.417355, 0, 0.952275 )

[node name="Spatial2" type="Spatial" parent="Visuals/BoatPivot/charonboat/Anchors"]
transform = Transform( 1, 0, 0, 0, 1, 0, 0, 0, 1, 0.405599, 0, 0.364451 )

[node name="Spatial5" type="Spatial" parent="Visuals/BoatPivot/charonboat/Anchors"]
transform = Transform( 1, 0, 0, 0, 1, 0, 0, 0, 1, -0.417355, 0, 0.364451 )

[node name="Spatial3" type="Spatial" parent="Visuals/BoatPivot/charonboat/Anchors"]
transform = Transform( 1, 0, 0, 0, 1, 0, 0, 0, 1, 0.405599, 0, -0.37033 )

[node name="Spatial6" type="Spatial" parent="Visuals/BoatPivot/charonboat/Anchors"]
transform = Transform( 1, 0, 0, 0, 1, 0, 0, 0, 1, -0.417355, 0, -0.37033 )

[node name="AnimationPlayer" type="AnimationPlayer" parent="Visuals"]
anims/Turn = SubResource( 4 )

[node name="dock" parent="." instance=ExtResource( 6 )]
transform = Transform( 1, 0, 0, 0, 1, 0, 0, 0, 1, 0, 0.937162, -10 )

[node name="dock2" parent="." instance=ExtResource( 6 )]
transform = Transform( -1, 0, -8.74228e-08, 0, 1, 0, 8.74228e-08, 0, -1, 0, 0.937162, 10 )

[node name="DockTip" type="Spatial" parent="dock2"]
transform = Transform( 1, 0, 0, 0, 1, 0, 0, 0, 1, 3.85421e-08, 0.264521, -0.440869 )

[node name="Spatial" type="Spatial" parent="dock2/DockTip"]

[node name="Spatial2" type="Spatial" parent="dock2/DockTip"]
transform = Transform( 1, 0, 0, 0, 1, 0, 0, 0, 1, 8.74228e-08, 0, -1 )

[node name="Spatial3" type="Spatial" parent="dock2/DockTip"]
transform = Transform( 1, 0, 0, 0, 1, 0, 0, 0, 1, 1.74846e-07, 0, -2 )

[node name="Spatial4" type="Spatial" parent="dock2/DockTip"]
transform = Transform( 1, 0, 0, 0, 1, 0, 0, 0, 1, 2.62268e-07, 0, -3 )

[node name="Spatial5" type="Spatial" parent="dock2/DockTip"]
transform = Transform( 1, 0, 0, 0, 1, 0, 0, 0, 1, 3.49691e-07, 0, -4 )

[node name="Spatial6" type="Spatial" parent="dock2/DockTip"]
transform = Transform( 1, 0, 0, 0, 1, 0, 0, 0, 1, 4.37114e-07, 0, -5 )

[node name="Spatial7" type="Spatial" parent="dock2/DockTip"]
transform = Transform( 1, 0, 0, 0, 1, 0, 0, 0, 1, 5.24537e-07, 0, -6 )

[node name="Spatial8" type="Spatial" parent="dock2/DockTip"]
transform = Transform( 1, 0, 0, 0, 1, 0, 0, 0, 1, 6.1196e-07, 0, -7 )

[node name="Spatial9" type="Spatial" parent="dock2/DockTip"]
transform = Transform( 1, 0, 0, 0, 1, 0, 0, 0, 1, 6.99383e-07, 0, -8 )

[node name="Spatial10" type="Spatial" parent="dock2/DockTip"]
transform = Transform( 1, 0, 0, 0, 1, 0, 0, 0, 1, 7.86806e-07, 0, -9 )
[connection signal="arrived" from="Simulation" to="." method="_on_boat_arrived"]
[connection signal="moved" from="Simulation" to="." method="_on_boat_moved"]
[connection signal="stopped" from="Simulation" to="." method="_on_boat_stopped"]
[connection signal="charge_finished" from="InputHandler" to="Visuals/BoatPivot/charon2" method="set_charge_amount"]
[connection signal="charge_finished" from="InputHandler" to="." method="_on_InputHandler_charge_finished"]
[connection signal="finish_boarding" from="InputHandler" to="." method="_on_finish_boarding"]
