[gd_scene load_steps=14 format=2]

[ext_resource path="res://audio/gaslampfunworksbykevinmacleo.ogg" type="AudioStream" id=1]
[ext_resource path="res://scenes/Soul/Soul.tscn" type="PackedScene" id=2]
[ext_resource path="res://default_env.tres" type="Environment" id=3]
[ext_resource path="res://scripts/World.gd" type="Script" id=4]
[ext_resource path="res://scenes/Abyss.tscn" type="PackedScene" id=5]
[ext_resource path="res://scenes/Boat.tscn" type="PackedScene" id=6]
[ext_resource path="res://scenes/WorldHud.tscn" type="PackedScene" id=7]
[ext_resource path="res://scenes/Charon/cerberus.dae" type="PackedScene" id=8]

[sub_resource type="Animation" id=1]
resource_name = "lights"
length = 10.0
tracks/0/type = "value"
tracks/0/path = NodePath("DirectionalLight:light_energy")
tracks/0/interp = 1
tracks/0/loop_wrap = true
tracks/0/imported = false
tracks/0/enabled = true
tracks/0/keys = {
"times": PoolRealArray( 0, 4, 5, 6, 10 ),
"transitions": PoolRealArray( 1, 1, 1, 1, 1 ),
"update": 0,
"values": [ 1.0, 1.0, 0.2, 1.0, 1.0 ]
}
tracks/1/type = "value"
tracks/1/path = NodePath("DirectionalLight2:light_energy")
tracks/1/interp = 1
tracks/1/loop_wrap = true
tracks/1/imported = false
tracks/1/enabled = true
tracks/1/keys = {
"times": PoolRealArray( 0, 1.5, 3, 5, 6.8, 10 ),
"transitions": PoolRealArray( 1, 2.54912, 1, 1, 1, 1 ),
"update": 0,
"values": [ 0.2, 1.5, 0.2, 4.04, 0.2, 0.2 ]
}

[sub_resource type="CubeMesh" id=2]
size = Vector3( 10, 31.75, 211.64 )

[sub_resource type="SpatialMaterial" id=4]
emission_enabled = true
emission = Color( 0, 1, 0.717647, 1 )
emission_energy = 1.0
emission_operator = 0
emission_on_uv2 = false

[sub_resource type="SpatialMaterial" id=5]
albedo_color = Color( 0.258824, 0.2, 0.34902, 1 )

[sub_resource type="CubeMesh" id=3]
size = Vector3( 2, 20, 2 )

[node name="World" type="Spatial"]
script = ExtResource( 4 )
soul_scene = ExtResource( 2 )

[node name="Lights" type="Spatial" parent="."]

[node name="DirectionalLight" type="DirectionalLight" parent="Lights"]
transform = Transform( 1, 0, 0, 0, 0.707107, 0.707107, 0, -0.707107, 0.707107, 0, 7.48676, 11.1074 )
light_color = Color( 0.894118, 0.819608, 1, 1 )
shadow_color = Color( 0.0470588, 0.00392157, 0.0941176, 1 )
shadow_bias = 0.0
directional_shadow_mode = 1

[node name="DirectionalLight2" type="DirectionalLight" parent="Lights"]
transform = Transform( 1, 0, 0, 0, 0.955407, -0.295292, 0, 0.295292, 0.955407, 0, 7.48675, 11.1074 )
light_color = Color( 0, 1, 0.6, 1 )
light_energy = 1.5
directional_shadow_mode = 1

[node name="AnimationPlayer" type="AnimationPlayer" parent="Lights"]
anims/lights = SubResource( 1 )

[node name="Camera" type="Camera" parent="."]
transform = Transform( 1, 0, 0, 0, 0.558215, 0.829697, 0, -0.829697, 0.558215, 0, 11.7625, 12.2571 )
size = 10.0

[node name="WorldEnvironment" type="WorldEnvironment" parent="."]
environment = ExtResource( 3 )

[node name="Static" type="Spatial" parent="."]

[node name="ShoreLeft" type="MeshInstance" parent="Static"]
transform = Transform( 1, 0, 0, 0, 1, 0, 0, 0, 1, -19.5427, -15, 0 )
mesh = SubResource( 2 )
material/0 = null

[node name="cerberus" parent="Static/ShoreLeft" instance=ExtResource( 8 )]
transform = Transform( -4.37114e-08, 0, 1, 0, 1, 0, -1, 0, -4.37114e-08, 4.08943, 17.9896, -3.45369 )

[node name="Cube_001" parent="Static/ShoreLeft/cerberus" index="0"]
material/0 = SubResource( 4 )

[node name="Cube_002" parent="Static/ShoreLeft/cerberus" index="1"]
material/0 = SubResource( 4 )

[node name="Cube_003" parent="Static/ShoreLeft/cerberus" index="2"]
material/0 = SubResource( 4 )

[node name="Cube_004" parent="Static/ShoreLeft/cerberus" index="3"]
material/0 = SubResource( 4 )

[node name="Cube_005" parent="Static/ShoreLeft/cerberus" index="4"]
material/0 = SubResource( 4 )

[node name="Cube_006" parent="Static/ShoreLeft/cerberus" index="5"]
material/0 = SubResource( 4 )

[node name="Cube_007" parent="Static/ShoreLeft/cerberus" index="6"]
material/0 = SubResource( 4 )

[node name="Cube_008" parent="Static/ShoreLeft/cerberus" index="7"]
material/0 = SubResource( 4 )

[node name="Cube_009" parent="Static/ShoreLeft/cerberus" index="8"]
material/0 = SubResource( 4 )

[node name="Cube_010" parent="Static/ShoreLeft/cerberus" index="9"]
material/0 = SubResource( 4 )

[node name="Cube_011" parent="Static/ShoreLeft/cerberus" index="10"]
material/0 = SubResource( 4 )

[node name="Cube_012" parent="Static/ShoreLeft/cerberus" index="11"]
material/0 = SubResource( 4 )

[node name="Cerbererus" parent="Static/ShoreLeft/cerberus" index="12"]
material/0 = SubResource( 5 )

[node name="ShoreLeft2" type="MeshInstance" parent="Static"]
transform = Transform( 1, 0, 0, 0, 1, 0, 0, 0, 1, 19.615, -15, 0 )
mesh = SubResource( 2 )
material/0 = null

[node name="Abyss" parent="Static" instance=ExtResource( 5 )]
transform = Transform( 1, 0, 0, 0, 1, 0, 0, 0, 1, 0, 0, -11.289 )

[node name="FogEffect" parent="Static/Abyss" index="1"]
transform = Transform( 1, 0, 0, 0, 1, 0, 0, 0, 1, 0, 0.332128, 0 )

[node name="AbyssProps" type="Spatial" parent="Static"]
transform = Transform( 1, 0, 0, 0, 1, 0, 0, 0, 1, -11.8739, 0, 0 )

[node name="MeshInstance2" type="MeshInstance" parent="Static/AbyssProps"]
transform = Transform( 0.976783, 0, 0.21423, 0, 1, 0, -0.21423, 0, 0.976783, 19.8805, -10.7328, -13.6627 )
mesh = SubResource( 3 )
material/0 = null

[node name="MeshInstance5" type="MeshInstance" parent="Static/AbyssProps"]
transform = Transform( 0.960225, 0.278655, 0.0178915, -0.267639, 0.900209, 0.343502, 0.0796126, -0.334628, 0.938981, 0.474152, -11.479, 12.477 )
mesh = SubResource( 3 )
material/0 = null

[node name="MeshInstance3" type="MeshInstance" parent="Static/AbyssProps"]
transform = Transform( 1, 0, 0, 0, 1, 0, 0, 0, 1, 0.237161, -16.7726, -15.0261 )
mesh = SubResource( 3 )
material/0 = null

[node name="MeshInstance4" type="MeshInstance" parent="Static/AbyssProps"]
transform = Transform( 0.865744, 0, -0.500488, 0, 1, 0, 0.500488, 0, 0.865744, 23.6999, -15.8926, 2.20885 )
mesh = SubResource( 3 )
material/0 = null

[node name="Dynamic" type="Spatial" parent="."]

[node name="Boats" type="Spatial" parent="Dynamic"]

[node name="Boat0" parent="Dynamic/Boats" instance=ExtResource( 6 )]
transform = Transform( -4.37114e-08, 0, 1, 0, 1, 0, -1, 0, -4.37114e-08, 0, 0, 0.42619 )

[node name="InputHandler" parent="Dynamic/Boats/Boat0" index="1"]
action = "Player0 charge"

[node name="charon2" parent="Dynamic/Boats/Boat0/Visuals/BoatPivot" index="1"]
player_color = Color( 0, 1, 0.439216, 1 )

[node name="Boat1" parent="Dynamic/Boats" instance=ExtResource( 6 )]
transform = Transform( -4.37114e-08, 0, 1, 0, 1, 0, -1, 0, -4.37114e-08, 0, 0, 5 )

[node name="InputHandler" parent="Dynamic/Boats/Boat1" index="1"]
action = "Player1 charge"

[node name="charon2" parent="Dynamic/Boats/Boat1/Visuals/BoatPivot" index="1"]
player_color = Color( 0.780392, 0, 1, 1 )

[node name="AudioStreamPlayer" type="AudioStreamPlayer" parent="."]
stream = ExtResource( 1 )
autoplay = true

[node name="LogicHelpers" type="Node" parent="."]

[node name="Timer0" type="Timer" parent="LogicHelpers"]

[node name="Timer1" type="Timer" parent="LogicHelpers"]

[node name="Control" parent="." instance=ExtResource( 7 )]

[node name="Timer" type="Timer" parent="."]
wait_time = 90.0
one_shot = true
[connection signal="timeout" from="Timer" to="." method="_on_Timer_timeout"]

[editable path="Static/ShoreLeft/cerberus"]

[editable path="Static/Abyss"]

[editable path="Dynamic/Boats/Boat0"]

[editable path="Dynamic/Boats/Boat0/Visuals/BoatPivot/charon2"]

[editable path="Dynamic/Boats/Boat1"]
